<record><leader>00000cas a2200000 a 4500</leader><controlfield tag="001">10537087</controlfield><controlfield tag="008">840319d18801893ksuwr ne      0   a0eng d</controlfield><datafield ind1=" " ind2=" " tag="010"><subfield code="a">sn 83041006 </subfield></datafield><datafield ind1=" " ind2=" " tag="040"><subfield code="a">KSH</subfield><subfield code="b">eng</subfield><subfield code="c">KSH</subfield><subfield code="d">NPT</subfield><subfield code="d">OCL</subfield><subfield code="d">OCLCQ</subfield></datafield><datafield ind1=" " ind2=" " tag="042"><subfield code="a">msc</subfield></datafield><datafield ind1=" " ind2=" " tag="043"><subfield code="a">n-us-ks</subfield></datafield><datafield ind1="0" ind2="0" tag="245"><subfield code="a">Short Creek republican.</subfield></datafield><datafield ind1=" " ind2=" " tag="260"><subfield code="a">Galena, Kan. :</subfield><subfield code="b">L.C. Weldy,</subfield><subfield code="c">-1893.</subfield></datafield><datafield ind1=" " ind2=" " tag="300"><subfield code="a">v. :</subfield><subfield code="b">ill. ;</subfield><subfield code="c">50 cm.</subfield></datafield><datafield ind1=" " ind2=" " tag="310"><subfield code="a">Weekly</subfield></datafield><datafield ind1="0" ind2=" " tag="362"><subfield code="a">-v. 13, no. 28 (Jan. 21, 1893).</subfield></datafield><datafield ind1="1" ind2=" " tag="362"><subfield code="a">Began Sept. 10, 1880.</subfield><subfield code="z">Cf. Kansas. Board of Agriculture. Second biennial rept., 1881.</subfield></datafield><datafield ind1=" " ind2=" " tag="588"><subfield code="a">Description based on: Vol. 2, no. 6 (Jan. 19, 1883).</subfield></datafield><datafield ind1=" " ind2=" " tag="752"><subfield code="a">United States</subfield><subfield code="b">Kansas</subfield><subfield code="c">Cherokee</subfield><subfield code="d">Galena.</subfield></datafield><datafield ind1="0" ind2="0" tag="785"><subfield code="t">Galena republican</subfield><subfield code="w">(DLC)sn 83041007</subfield></datafield></record>